@unpublished{expstudyharden2025,
 author    = {Harden, Jakob},
 title     = {Experimental study on cement paste using the ultrasonic pulse transmission method},
 year      = {2025},
 month     = {3},
 note      = {Engineering Archive},
 doi       = {10.31224/4465},
 url       = {https://doi.org/10.31224/4465},
}
@article{barshan2000,
 author  = {Billur Barshan},
 title   = {Fast processing techniques for accurate ultrasonic range measurements},
 year    = {2000},
 month   = {1},
 journal = {Measurement Science and Technology},
 volume  = {11},
 number  = {1},
 pages   = {45},
 doi     = {10.1088/0957-0233/11/1/307},
 url     = {https://dx.doi.org/10.1088/0957-0233/11/1/307},
}
@online{code,
 author    = {Harden, Jakob},
 title     = {Supplementary GNU Octave code for: Signal model parameter optimisation for primary wave signal responses from ultrasonic pulse transmission tests},
 month     = {9},
 year      = {2025},
 note    = {Graz University of Technology},
 version   = {1.0.0},
 doi       = {10.3217/x9htm-kxe18},
 url       = {https://doi.org/10.3217/x9htm-kxe18},
}
@online{latex,
 author    = {Harden, Jakob},
 title     = {Supplementary LaTeX code for: Signal model parameter optimisation for primary wave signal responses from ultrasonic pulse transmission tests},
 month     = {9},
 year      = {2025},
 note    = {Graz University of Technology},
 version   = {1.0.0},
 doi       = {10.3217/pn7sy-hma06},
 url       = {https://doi.org/10.3217/pn7sy-hma06},
}
@online{repovideo,
 author    = {Harden, Jakob},
 title     = {Supplementary video files for: Signal model parameter optimisation for primary wave signal responses from ultrasonic pulse transmission tests},
 month     = {9},
 year      = {2025},
 note    = {Graz University of Technology},
 version   = {1.0.0},
 doi       = {10.3217/5rgbw-a8v29},
 url       = {https://doi.org/10.3217/5rgbw-a8v29},
}
@online{repogit,
 author    = {Harden, Jakob},
 title     = {GitHub code repository: Signal model parameter optimisation for primary wave signal responses from ultrasonic pulse transmission tests},
 month     = {9},
 year      = {2025},
 url       = {https://github.com/jakobharden/phd_signalmodelfitting},
}
@online{ytvideo1,
 author    = {Harden, Jakob},
 title     = {YouTube playlist: UPTM \textendash{} P-wave signal model fitting results, testing material: cement paste, ultrasonic measuring distance: 25, 50, 70 mm},
 month     = {9},
 year      = {2025},
 url       = {https://www.youtube.com/playlist?list=PLJZuQsRT0k-M7zaaBbiKMzlLKHiLl7K2j},
}
@online{ytvideo2,
 author    = {Harden, Jakob},
 title     = {YouTube playlist: UPTM \textendash{} P-wave signal model fitting results, testing material: ambient air, ultrasonic measuring distance: 25, 50, 70, 90 mm},
 month     = {9},
 year      = {2025},
 url       = {https://www.youtube.com/playlist?list=PLJZuQsRT0k-PDwayMIp9qnjOUYo4H71Ea},
}
@online{ytvideo3,
 author    = {Harden, Jakob},
 title     = {YouTube playlist: UPTM \textendash{} P-wave signal model fitting results, testing material: tap water, ultrasonic measuring distance: 25, 50 mm},
 month     = {9},
 year      = {2025},
 url       = {https://www.youtube.com/playlist?list=PLJZuQsRT0k-PcsCwiQu_qluBSBQJok2Zi},
}
@online{ytvideo4,
 author    = {Harden, Jakob},
 title     = {YouTube playlist: UPTM \textendash{} P-wave signal model fitting results, testing material: tap water, ultrasonic measuring distance: 70, 90 mm},
 month     = {9},
 year      = {2025},
 url       = {https://www.youtube.com/playlist?list=PLJZuQsRT0k-O9ZTgesZUKfYvqYNkToMEJ},
}
@online{ytvideo5,
 author    = {Harden, Jakob},
 title     = {YouTube playlist: UPTM \textendash{} P-wave signal model fitting results, testing material: aluminium cylinder, ultrasonic measuring distance: 50 mm},
 month     = {9},
 year      = {2025},
 url       = {https://www.youtube.com/playlist?list=PLJZuQsRT0k-NaoWA7EBHHLaojYXNR7s77},
}
@online{ts1data,
 author    = {Harden, Jakob},
 title     = {Ultrasonic Pulse Transmission Tests: Datasets \textendash{} Test Series 1, Cement Paste at Early Stages},
 month     = {7},
 year      = {2023},
 note      = {Graz University of Technology},
 version   = {1.0},
 doi       = {10.3217/bhs4g-m3z76},
 url       = {https://doi.org/10.3217/bhs4g-m3z76},
}
@online{ts5data,
 author    = {Harden, Jakob},
 title     = {Ultrasonic Pulse Transmission Tests: Datasets \textendash{} Test Series 5, Reference Tests on Air},
 month     = {7},
 year      = {2023},
 note      = {Graz University of Technology},
 version   = {1.0},
 doi       = {10.3217/bjkrj-pg829},
 url       = {https://doi.org/10.3217/bjkrj-pg829},
}
@online{ts6data,
 author    = {Harden, Jakob},
 title     = {Ultrasonic Pulse Transmission Tests: Datasets \textendash{} Test Series 6, Reference Tests on Water},
 month     = {7},
 year      = {2023},
 note      = {Graz University of Technology},
 version   = {1.0},
 doi       = {10.3217/hn7we-q7z09},
 url       = {https://doi.org/10.3217/hn7we-q7z09},
}
@online{ts7data,
 author       = {Harden, Jakob},
 title        = {{Ultrasonic Pulse Transmission Tests: Datasets \textendash{} Test Series 7, Reference Tests on Aluminium Cylinder}},
 month        = {2},
 year         = {2025},
 note         = {TU Graz Repository},
 version      = {1.1},
 doi          = {10.3217/w3mb5-1wx17},
 url          = {https://doi.org/10.3217/w3mb5-1wx17},
}
@online{octavedoc,
 author    = {Eaton, {John W.}},
 title     = {GNU Octave (version 6.2.0)},
 publisher = {octave.org},
 url       = {https://sunsite.icm.edu.pl/pub/gnu/octave/},
 urldate   = {2025-09-11},
}
@online{agplv3,
 title     = {GNU Affero General Public License},
 version   = {3},
 year      = {2007},
 month     = {11},
 day       = {19},
 url       = {https://www.gnu.org/licenses/agpl-3.0.html},
 note      = {Free Software Foundation, Inc.},
}
@online{ccby40,
 author      = {creativecommons.org},
 title       = {Creative Commons \textendash{} Attribution 4.0 International, SPDX short identifier: CC-BY-4.0},
 url         = {https://creativecommons.org/licenses/by/4.0/legalcode},
}
